@inproceedings{Florencio:2007:LSW:1242572.1242661,
 author = {Florencio, Dinei and Herley, Cormac},
 title = {A Large-scale Study of Web Password Habits},
 booktitle = {Proceedings of the 16th International Conference on World Wide Web},
 series = {WWW '07},
 year = {2007},
 isbn = {978-1-59593-654-7},
 location = {Banff, Alberta, Canada},
 pages = {657--666},
 numpages = {10},
 url = {http://doi.acm.org/10.1145/1242572.1242661},
 doi = {10.1145/1242572.1242661},
 acmid = {1242661},
 publisher = {ACM},
 address = {New York, NY, USA},
 keywords = {authentication, measurements, password},
}

@ONLINE{2fac,
author = {},
title = {Two Factor Auth (2FA)},
month = Dec,
year = {2014},
url = {https://twofactorauth.org}
}

@article{Bergadano:2002:UAT:581271.581272,
 author = {Bergadano, Francesco and Gunetti, Daniele and Picardi, Claudia},
 title = {User Authentication Through Keystroke Dynamics},
 journal = {ACM Trans. Inf. Syst. Secur.},
 issue_date = {November 2002},
 volume = {5},
 number = {4},
 month = nov,
 year = {2002},
 issn = {1094-9224},
 pages = {367--397},
 numpages = {31},
 url = {http://doi.acm.org/10.1145/581271.581272},
 doi = {10.1145/581271.581272},
 acmid = {581272},
 publisher = {ACM},
 address = {New York, NY, USA},
 keywords = {Biometric techniques, keystroke analysis},
} 

@article{Bleha:1990:CSS:95838.95865,
 author = {Bleha, S. and Slivinsky, C. and Hussien, B.},
 title = {Computer-Access Security Systems Using Keystroke Dynamics},
 journal = {IEEE Trans. Pattern Anal. Mach. Intell.},
 issue_date = {December 1990},
 volume = {12},
 number = {12},
 month = dec,
 year = {1990},
 issn = {0162-8828},
 pages = {1217--1222},
 numpages = {6},
 url = {http://dx.doi.org/10.1109/34.62613},
 doi = {10.1109/34.62613},
 acmid = {95865},
 publisher = {IEEE Computer Society},
 address = {Washington, DC, USA},
 keywords = {computer access security systems, computerised pattern recognition, identification system, keystroke dynamics, online recognition systems, password, real-time, real-time systems, security of data, verification system},
} 

@INPROCEEDINGS{ monrose:authentication,
AUTHOR = "Fabian Monrose and Aviel D. Rubin",
TITLE = "Authentication via Keystroke Dynamics",
BOOKTITLE = "ACM Conference on Computer and Communications Security'97",
PAGES = {48-56},
YEAR = {1997}, 
}

@article{Araujo:2005:UAT:2197882.2199456,
 author = {Ara\'ujo, L.C.F. and Sucupira,Jr., L.H.R. and Lizarraga, M.G. and Ling, L.L. and Yabu-Uti, J.B.T.},
 title = {User Authentication Through Typing Biometrics Features},
 journal = {Trans. Sig. Proc.},
 issue_date = {February 2005},
 volume = {53},
 number = {2},
 month = feb,
 year = {2005},
 issn = {1053-587X},
 pages = {851--855},
 numpages = {5},
 url = {http://dx.doi.org/10.1109/TSP.2004.839903(410) 53},
 doi = {10.1109/TSP.2004.839903(410) 53},
 acmid = {2199456},
 publisher = {IEEE Press},
 address = {Piscataway, NJ, USA},
 keywords = {Biometrics, keystroke dynamics, pattern recognition, typing biometrics},
} 


@inproceedings{Mondal:2013:CMP:2523514.2523554,
 author = {Mondal, Soumik and Bours, Patrick and Idrus, S. Z. Syed},
 title = {Complexity Measurement of a Password for Keystroke Dynamics: Preliminary Study},
 booktitle = {Proceedings of the 6th International Conference on Security of Information and Networks},
 series = {SIN '13},
 year = {2013},
 isbn = {978-1-4503-2498-4},
 location = {Aksaray, Turkey},
 pages = {301--305},
 numpages = {5},
 url = {http://doi.acm.org/10.1145/2523514.2523554},
 doi = {10.1145/2523514.2523554},
 acmid = {2523554},
 publisher = {ACM},
 address = {New York, NY, USA},
 keywords = {behavioural biometrics, complexity measures, keystroke dynamics, performance assessment, quality measure},
} 
@inproceedings{conf/colcom/StefanY10,
  added-at = {2011-11-21T00:00:00.000+0100},
  author = {Stefan, Deian and Yao, Danfeng},
  biburl = {http://www.bibsonomy.org/bibtex/27c805f59203569be4f7fa0a77431336b/dblp},
  booktitle = {CollaborateCom},
  ee = {http://ieeexplore.ieee.org/xpls/abs_all.jsp?arnumber=5766991},
  interhash = {e36dfd77382ed2f22e434eae07f4f259},
  intrahash = {7c805f59203569be4f7fa0a77431336b},
  isbn = {978-963-9995-24-6},
  keywords = {dblp},
  pages = {1-8},
  publisher = {IEEE},
  timestamp = {2011-11-21T00:00:00.000+0100},
  title = {Keystroke-dynamics authentication against synthetic forgeries.},
  url = {http://dblp.uni-trier.de/db/conf/colcom/colcom2010.html#StefanY10},
  year = 2010
}

@inproceedings{crypto-1986-1125,
  title={Demonstrating Possession of a Discrete Logarithm Without Revealing It},
  booktitle={Advances in Cryptology - CRYPTO '86, Santa Barbara, California, USA, 1986, Proceedings},
  series={Lecture Notes in Computer Science},
  publisher={Springer},
  volume={263},
  pages={200-212},
  doi={10.1007/3-540-47721-7_14},
  author={David Chaum and Jan-Hendrik Evertse and Jeroen van de Graaf and Ren√© Peralta},
  year=1986
}

@inproceedings{Monrose:1999:PHB:319709.319720,
 author = {Monrose, Fabian and Reiter, Michael K. and Wetzel, Susanne},
 title = {Password Hardening Based on Keystroke Dynamics},
 booktitle = {Proceedings of the 6th ACM Conference on Computer and Communications Security},
 series = {CCS '99},
 year = {1999},
 isbn = {1-58113-148-8},
 location = {Kent Ridge Digital Labs, Singapore},
 pages = {73--82},
 numpages = {10},
 url = {http://doi.acm.org/10.1145/319709.319720},
 doi = {10.1145/319709.319720},
 acmid = {319720},
 publisher = {ACM},
 address = {New York, NY, USA},
}

@inproceedings{conf/csreaSAM/AlvarezEA09,
  added-at = {2011-06-16T00:00:00.000+0200},
  author = {\'Alvarez, Fernando Hernandez and Encinas, Luis Hern\'andez and Sanchez-Avila, Carmen},
  biburl = {http://www.bibsonomy.org/bibtex/2080a801acf703b9429c1686b27099ac4/dblp},
  booktitle = {Security and Management},
  editor = {Arabnia, Hamid R. and Daimi, Kevin},
  interhash = {66ba0d2d2483d6b9403cfd7c1397f8ee},
  intrahash = {080a801acf703b9429c1686b27099ac4},
  isbn = {1-60132-126-0},
  keywords = {dblp},
  pages = {563-569},
  publisher = {CSREA Press},
  timestamp = {2011-06-16T00:00:00.000+0200},
  title = {Biometric Fuzzy Extractor Scheme for Iris Templates.},
  url = {http://dblp.uni-trier.de/db/conf/csreaSAM/csreaSAM2009.html#AlvarezEA09},
  year = 2009
}
@article {reed60polynomial,
  title = {Polynomial codes over certain finite fields},
  journal = {Journal of the Society of Industrial and Applied Mathematics},
  volume = {8},
  number = {2},
  year = {1960},
  month = {06/1960},
  pages = {300{\textendash}304},
  keywords = {filing-erasure-coding},
  url = {http://www.jstor.org/pss/2098968},
  author = {Irving Reed and Golomb Solomon}
}

@InProceedings{GMW86,
author={Oded Goldreich and Silvio Micali
and Avi Wigderson},
title={Proofs that yield nothing but their
validity, and a methodology of
cryptographic protocol design},
booktitle={Proceedings of the 27th FOCS},
pages={174-187},
year={1986},
}